<?xml version="1.0" encoding="UTF-8"?><collection xmlns="http://www.loc.gov/MARC21/slim"><record><leader>00407nam--2200133-i-4500</leader><controlfield tag="001">000008528</controlfield><controlfield tag="002">20161230</controlfield><controlfield tag="005">20161230201027</controlfield><controlfield tag="008">060222s1000------------r-----000-0-eng-d</controlfield><datafield ind1=" " ind2=" " tag="080"><subfield code="a">621.039.54</subfield></datafield><datafield ind1=" " ind2=" " tag="100"><subfield code="a">Deem, Herbert W</subfield></datafield><datafield ind1=" " ind2=" " tag="245"><subfield code="a">Fabrication, characterization and thermal-prop erty measurements of zro2-base fuels</subfield></datafield><datafield ind1=" " ind2=" " tag="260"><subfield code="a">Columbus, Ohio, Battelle Memorial Institute,19 66. 85 P</subfield></datafield><datafield ind1=" " ind2=" " tag="490"><subfield code="a">Report Bmi</subfield></datafield></record></collection>